@1990RobertsTunstallEurNeurosci
@2ndDerivativePdf
@65a7f4af9cfee0ec97db679916dd03eaf4ea080cWwwNcbi
@65a7f4af9cfee0ec97db679916dd03eaf4ea080c @ Www.Ncbi.Nlm.Nih.Gov}
@aakessonNavigationGreenTurtles2003
@aakessonNavigationGreenTurtles2003a
@aartsArabidopsisMALESTERILITY1997
@abboPlantDomesticationCrop2014
@abbottComparativeEcologyGalapagos1977
@abelsonChemicalEventsPrimitive1966
@abzhanovBmp4MorphologicalVariation2010
@abzhanovCalmodulinPathwayEvolution2006
@acevedo-garciaMlobasedPowderyMildew2017
@acevedo-garciaMlobasedPowderyMildew2017a
@acevedo-garciaMlobasedPowderyMildew2017b
@acquaahPrinciplesPlantGenetics2007
@adamoAttritionWomenBiological2013
@adamoAttritionWomenBiological2013a
@adamskiSegregationDistortionHomozygous2014
@AffymatrixTargetVariants
@affymetrixAxiomGenotypingSolution2015
@ahmadHY4GeneThaliana1993
@akpinarLargescaleChromosomespecificSNP2017
@alabdullahCoexpressionNetworkHexaploid2019
@alaitDIALIGNGOBICSMultiple2013
@albertCarnivorousPlantsPhylogeny1992
@albrechtsenAscertainmentBiasesSNP2010
@alixPolyploidyInterspecificHybridization2017
@allardEffectIncompletePenetrance1960
@allenCharacterizationWheatBreeders2016
@allenCharacterizationWheatBreeders2016a
@allenDiscoveryDevelopmentExomebased2013
@allenDiscoveryDevelopmentExomebased2013a
@allenMendelModernGenetics2003
@allenTranscriptspecificSinglenucleotidePolymorphism2011
@allenTranscriptspecificSinglenucleotidePolymorphism2011a
@allenTranscriptspecificSinglenucleotidePolymorphism2011b
@allenTranscriptspecificSinglenucleotidePolymorphism2011c
@allenTranscriptspecificSinglenucleotidePolymorphism2011d
@alptekinWheatMiRNAAncestors2017
@alstonShiftingPatternsAgricultural2010
@alstonShiftingPatternsAgricultural2010a
@altschulBasicLocalAlignment1990
@amdamComplexSocialBehaviour2006
@amdamComplexSocialBehaviour2006a
@amentInsulinSignalingInvolved2008
@amentInsulinSignalingInvolved2008a
@amstrupAllUseSubject2014
@AnalysisBreadWheat
@andersonAscarisInfectionsHumans1995
@andersonAscarisInfectionsHumans1995a
@andersonEvolutionAncientProtein2016
@andersonGeneticStructureEpidemiology1993
@andersonGeneticStructureEpidemiology1993a
@andersonHighResolutionCrossoverMaps2003
@andersonMitochondrialDNAAscaris1995
@andersonMitochondrialDNAAscaris1995a
@angMolecularInteractionCOP11998
@anhaltSegregationDistortionLolium2008
@aragon-alcaideCerealCentromericSequence1996
@ArshavskyEtal1993TINS
@asnerAirborneLaserguidedImaging2017
@asnerAirborneLaserguidedImaging2017a
@attwaterIniceEvolutionRNA2013
@averyComparativeAnatomyMorphology1930
@averyComparativeAnatomyMorphology1930a
@avniUltradenseGeneticMap2014
@avniUltradenseGeneticMap2014a
@axelScentsSensibilityMolecular2005
@AxiomAnalysisManual
@AxiomLabProtocol
@AxiomPageWheat
@ayyadevaraDiscriminationPrimerNucleotide2000
@babayanFilarialParasitesDevelop2010
@babayanFilarialParasitesDevelop2010a
@babbenAssociationGeneticsStudies2018
@babbenEfficientApproachDevelopment2015
@baenzigerWheatBreedingProcedures2009
@baenzigerWheatBreedingProcedures2009a
@bakerChromatinLandscapeBarley
@balakrishnanSongDiscriminationSuggests2006
@baldaufPhylogenyFaintHeart2003
@baldingHandbookStatisticalGenetics2007
@balfourierWorldwidePhylogeographyHistory2019
@barberDecimalGrowthStages2015
@barkerGenomewideAnalysisSingle2009
@barkerGenomewideAnalysisSingle2009a
@barlowHexagonalTerritories1974
@barrettAFLPBasedGeneticDiversity1998
@bartelIsolationNewRibozymes1993
@bassetArthropodDiversityTropical2012
@bassetArthropodDiversityTropical2012a
@bassetArthropodDiversityTropical2012b
@bassetArthropodDiversityTropical2012c
@bassetReviewMethodsSampling1996
@bassetReviewMethodsSampling1996a
@bassetStratificationDielActivity2001
@bassetStratificationDielActivity2001a
@bassiBreedingSchemesImplementation2016
@bassilDevelopmentPreliminaryEvaluation2015
@baudatMeioticRecombinationMammals2013
@bauerFormFollowsFunction2012
@bauerHarmlessNectarSource2008
@bauerInsecttrappingRimNepenthes2009
@bauerWholegenomeSequenceRye
@bauerWholegenomeSequenceRye2017
@baylissEvidencePremeioticControl1972
@baylissEvidencePremeioticControl1972a
@beaumontApproximateBayesianComputation2002
@beaumontApproximateBayesianComputation2010
@beeIndividualVoiceRecognition2002
@BeesHaveMagnetic1978
@BeesHaveMagnetic1978a
@beharCopernicanReassessmentHuman2012
@behavioralPolymorphismVirtualPrey1998
@behrouziNetgwasPackageNetworkBased2017
@behrouziNovoConstructionQploid2017
@bellPotentiallyBiogenicCarbon2015
@benbowDissectingGeneticControl
@benjaminiControllingFalseDiscovery1995
@benjaminiDiscoveringFalseDiscovery2010
@bergQuickGuideBacterial2008
@bernardVerticalStratificationBat2001
@berridgeCalciumSignallingDynamics2003
@berridgeVersatilityUniversalityCalcium2000
@billingsPatternsRecombinationActivity2010
@binCharacterizationGeneticAnalysis2010
@bing-huaDominantGeneMale
@blaryManipulationCrossoverFrequency2019
@bleichmarSubmicroscopicMorphologyInfrared1962
@boagClassicalCaseCharacter1984
@boagIntenseNaturalSelection1981
@boeschCultureGoldenBarrier2003
@bohnInsectAquaplaningNepenthes2004
@bolotInnerCircleCereal2009
@bonferroniCalcoloAssicurazioniSu
@bonferroniCalcoloAssicurazioniSu1935
@BonferroniCorrectionWolfram
@bonjeanWorldWheatBook2001
@bonnerOriginsMulticellularity1998
@BookChapterNotes
@boothMicrogeographicalVariationExposure2004
@bornerCrossoverNoncrossoverDifferentiation2004
@borthwickReversiblePhotoreactionControlling1952
@botsteinConstructionGeneticLinkage1980
@BourkeChapter
@BourkeChapterSocial
@boydWhyCultureCommon1996
@boyleWomenAreFunded2015
@boyleWomenAreFunded2015a
@brannonOrderingNumerositiesMonkeys2016
@brasierQuestioningEvidenceEarth2002
@brenchleyAnalysisBreadWheat2012
@brenchleyAnalysisBreadWheat2012a
@brenchleyAnalysisBreadWheat2012b
@brenchleyAnalysisBreadWheat2012c
@brenchleyAnalysisBreadWheat2012d
@brenchleyAnalysisBreadWheat2012e
@brenchleyAnalysisBreadWheat2012f
@brintonDecipheringMolecularMechanisms
@briscoFusariumHeadBlight2017
@bromanBriefTourQtl2009
@bromanCrossoverInterferenceMouse2002
@bromanGeneticMapConstruction
@bromanGuideQTLMapping2009
@bromanQtlQTLMapping2003
@bromanReviewStatisticalMethods2001
@brookerCodistributionPlasmodiumFalciparum2006
@brown-guediraPerformanceMappingLeaf2003
@brownFullPlanetEmpty2012
@brownFullPlanetEmpty2012a
@bucklerGeneticArchitectureMaize2009
@bucklerMeioticDriveChromosomal1999
@bucklerMolecularDiversityStructure2001
@bucklingAdaptiveChangesPlasmodium1997
@bucklingAdaptiveChangesPlasmodium1997a
@buddenDoubleblindReviewFavours2008
@buddenDoubleblindReviewFavours2008a
@buetowMultipointGeneMapping1987
@buffaloBioinformaticsDataSkills2015
@bugbeeRegistrationUSUApogeeWheat1997
@bugbeeYieldComparisonsUnique1997
@BulletinInstitutRoyal2007
@BulletinInstitutRoyal2007a
@bulsonRunningOrder3MT
@burnsGeneenvironmentInterplayDrosophila2012
@burridgeConversionArraybasedSingle2017
@burridgeHighDensitySNPGenotyping2017
@burtMiningWatkinsCollection2014
@bustosSequencingLongStretches2016
@caemmererDevelopmentC4Rice2012
@caemmererDevelopmentC4Rice2012a
@caetano-anollesDNAAmplificationFingerprinting1994
@calderoneTopographyPhotoreceptorsRetinal2005
@calderoneTopographyPhotoreceptorsRetinal2005a
@caldwellExperimentalModelsTesting2008
@caldwellReviewStudyingCumulative2008
@caldwellSocialLearningMechanisms2009
@calfordAvianInterauralCanal1988
@calfordAvianInterauralCanal1988a
@cameronInheritanceNicotianaTabacum1957
@cano-ramirezPhotosynthesisCircadianRhythms2018
@cano-ramirezPhotosynthesisCircadianRhythms2018a
@caoMolecularMarkerClosely2009
@carazoChemosensoryCuesAllow2004
@carhart-harrisNeuralCorrelatesLSD2016
@castagneyrolPlantApparencyOverlooked2013
@castagneyrolPlantApparencyOverlooked2013a
@castroSegregationDistortionLocus2011
@cataniaStereoSerialSniffing2013
@cateSexualPreferencesZebra1987
@cavanaghGenomewideComparativeDiversity2013
@cavanaghGenomewideComparativeDiversity2013a
@cavanaghGenomewideComparativeDiversity2013b
@cavanaghGenomewideComparativeDiversity2013c
@cavanaghGenomewideComparativeDiversity2013d
@centerforhistoryandnewmediaZoteroQuickStart
@CerealsDB
@cermakEfficientDesignAssembly2011
@cermakEfficientDesignAssembly2011a
@certnerEvolutionaryDynamicsMixedploidy2017
@chalonerthomasm.NewMechanisticModel2019
@chanAnthropogenicNoiseFirst2012
@chanAnthropogenicNoiseFirst2012a
@chandlerMaizeGenomeSequencing2002
@chandrasekharAgronomicGeneticCharacterization2017
@changGenomicInsightsEvolutionary2015
@chantretMolecularBasisEvolutionary2005
@chaoAnalysisGenederivedSNP2009
@chaoAnalysisGenederivedSNP2009a
@chaoRFLPbasedGeneticMaps1989
@chapmanWholegenomeShotgunApproach2015
@charbonnelLongtermGeneticSurvey2005
@charbonnelLongtermGeneticSurvey2005a
@charmetWheatDomesticationLessons2011
@chelyshevaArabidopsisHEI10New2012
@chelyshevaArabidopsisHEI10New2012a
@ChemicalsNotes
@chenContinuousDirectionalWater2016
@chenContinuousDirectionalWater2016a
@chenContinuousDirectionalWater2016b
@chengMethodMappingPartial1998
@chenLossAvrSr50Somatic2017
@chhatreStrAutoAutomationParallelization2017
@chiouReportCircularPolarization2008
@chiouReportCircularPolarization2008a
@chiversUltrasonicReverseStridulation2014
@chiversUltrasonicReverseStridulation2014a
@choiArabidopsisMeioticCrossover2013
@choiArabidopsisMeioticCrossover2013a
@choiArabidopsisMeioticCrossover2013b
@choiArabidopsisMeioticCrossover2013c
@choikyuhaMeioticRecombinationHotspots2015
@chouletStructuralFunctionalPartitioning2014
@chumovaMediterraneanCradleAnthoxanthum2017
@chybaEndogenousProductionExogenous1992
@clarkeElectricFieldsBumblebees2013
@clarkeQuantifyingRootingDepth2017
@clarkeTreeShrewLavatories2009
@clavijoImprovedAssemblyAnnotation2017
@clavijoImprovedAssemblyAnnotation2017a
@cleavesReassessmentPrebioticOrganic2008
@clementsEarlyWarningSignals2019
@clutton-brockBreedingTogetherKin2002
@cockellOriginEmergenceLife2006
@ColeopteristsSocietySeasonal2016
@ColeopteristsSocietySeasonal2016a
@collinFunctionalRolesPassive2004
@collingeHerbivoryLeafMiners1988
@collingeHerbivoryLeafMiners1988a
@coltmanMicrosatellitePolymorphismGamma2001
@coltmanMicrosatellitePolymorphismGamma2001a
@communicationNewTypeInfrared2000
@communicationPigeonOrientationEffects2000
@communicationPigeonOrientationEffects2000a
@conditAbundanceDNASequence1991
@conesaBlast2GOUniversalTool2005
@connorEffectsLightEnvironment2006
@connorEffectsLightEnvironment2006a
@consortiumiwgscChromosomebasedDraftSequence2014
@consortiumiwgscChromosomebasedDraftSequence2014a
@consortiumiwgscShiftingLimitsWheat2018
@consortiumiwgscShiftingLimitsWheat2018a
@coolenSocialLearningNoncolonial2005
@coombsSignalDetectionTheory1999
@copenhaverCrossoverInterferenceArabidopsis2002
@cortonaPlastidGenomeCladophorales2017
@coultonPedigreeWrapper2019
@coxDeepeningWheatGene1997
@coxDeepeningWheatGene1997a
@cracraftPartitioningCombiningData1992
@crawfordEvidenceSubstantialFinescale2004
@crawfordEvidenceSubstantialFinescale2004a
@crickDirectedPanspermia1973
@criscioneDisentanglingHybridizationHost2007
@criscioneDisentanglingHybridizationHost2007a
@crismaniFANCMLimitsMeiotic2012
@crismaniFANCMLimitsMeiotic2012a
@crismaniFANCMLimitsMeiotic2012b
@cristolCrowsNotUse2016
@crowGenesThatViolate1979
@cuadradoAllopolyploidOriginGenome2017
@cummingErrorBarsExperimental2007
@curtisGeneticLinkageCbands1991
@cuthillStudyFunctionBehavioural2005
@czech-damalElectroreceptionGuianaDolphin2012
@dackeAnimalBehaviourInsect2003
@dackeAnimalBehaviourInsect2003a
@daiEvolvingGeneTranscript2005
@daiIdentificationCharacterizationSegregation2017
@dammSeafloorHydrothermalActivity1990
@darrierHighResolutionMappingCrossover2017
@darvasiDetectingMarkerQTLLinkage1993
@dauntCradleEarlyGrave2007
@daveyRevisionGenusAnisakis1971
@daviesDevelopmentalPlasticitySchistosomes2003
@daviesDevelopmentalPlasticitySchistosomes2003a
@daviesModulationBloodFluke2001
@daviesModulationBloodFluke2001a
@daviesStreetLightingChanges2012
@daviesStreetLightingChanges2012a
@davisArabidopsisThalianaHY11999
@dawsonLearningObservationEmerges2013
@dengCop1RegulatoryLocus1991
@depotterInterspecificHybridizationImpacts2016
@depotterVerticilliumLongisporumInvisible2016
@DetectionMagneticField
@DetectionMagneticFielda
@DeterminantsPdf
@devosApplicationTwoMicrosatellite1995
@devosStructuralEvolutionWheat1995
@dicaprioNonspikingInterneuronsVentilatory1989
@diebelMagnetiteDefinesVertebrate2000
@diebelMagnetiteDefinesVertebrate2000a
@dieffenbachGeneralConceptsPCR1993
@DifferentialZygoticAbortion
@dohertyHybridTreeFrogs1983
@dohrmannNovelScenariosEarly2013
@doleDetectionQuantitativeTrait2007
@dominySensoryEcologyPrimate2001
@dowrickInfluenceTemperatureMeiosis1957
@draegerShortPeriodsHigh2017
@draegerShortPeriodsHigh2017a
@draegerShortPeriodsHigh2017b
@dreisigackerUseSyntheticHexaploid2008
@dreisigackerUseSyntheticHexaploid2008a
@drentRealizedHeritabilityPersonalities2003
@drouaudCharacterizationMeioticCrossovers2011
@dubcovskyGenomePlasticityKey2007
@dukicHighdensityGeneticMap2016
@Dummies
@dunfordConservationFinescaleDNA1995
@dunnBroadPhylogenomicSampling2008
@dvorakDISTRIBUTIONNONSTRUCTURALVARIATION1984
@dvorakINVESTIGATIONHOMOLOGOUSCROSSING
@dyerBumblebeesBombusTerrestris2004
@earlSTRUCTUREHARVESTERWebsite2012
@edgarMUSCLEMultipleSequence2004
@EdgeCellPossible2011
@editorialScienceAll2013
@editorialScienceAll2013a
@edwardsMultiplexSingleNucleotide2009
@edwardsSimpleRapidMethod1991
@eggerSensoryBiasHas2011
@elangoDNAMethylationWidespread2009
@elangoDNAMethylationWidespread2009a
@elbaumRoleWheatAwns2007
@elbaumRoleWheatAwns2007a
@ellisonEnergeticsEvolutionCarnivorous2009
@elshireRobustSimpleGenotypingbySequencing2011
@endaraResourceAvailabilityHypothesis2011
@endaraResourceAvailabilityHypothesis2011a
@endlerColorLightForests1993
@endlerQueenFertilityEgg2006
@endoDeletionStocksCommon1996
@englerGoldenGateShuffling2009
@englerGoldenGateShuffling2009a
@englerOnePotOne2008
@englerOnePotOne2008a
@enquistEvolutionSocialLearning2007
@eraymanDemarcatingGenerichRegions2004
@eraymanDemarcatingGenerichRegions2004a
@erwinTropicalForestCanopies1983
@erwinTropicalForestCanopies1983a
@erwinTropicalForestsTheir1982
@erwinTropicalForestsTheir1982a
@eschenmoserChemicalEtiologyNucleic1996
@esfandyariXbreedGenomicSimulation2017
@ettayebiReplicationHumanNoroviruses2016
@ettemaAlphaproteobacteriaDarwinFinches2009
@evannoDetectingNumberClusters2005
@fabiangrandkeBioinformaticToolsPolyploid2014
@fallisNoTitleNo2013
@farisBacterialArtificialChromosome2003
@farisMolecularMappingSegregation1998
@farisMolecularMappingSegregation1998a
@farisMolecularMappingSegregation1998b
@farisSaturationMappingGeneRich2000
@farisWheatDomesticationKey2014
@farisWheatDomesticationKey2014a
@farreApplicationLibraryIsogenic2016
@fattAnalysisEndplatePotential1951
@fattSpontaneousSubthresholdActivity1952
@fawcettTestImitativeLearning2002
@federleIntegrativeStudyInsect2002
@feldmanOriginCultivatedWheat2001
@felsensteinNumberEvolutionaryTrees1978
@fengTranscriptomeProfilingWheat2017
@ferrisMineralSurfaces1996
@ferrisPotentialStepsOrigin2002
@feuilletIntegratingCerealGenomics2012
@filippoMechanismEukaryoticHomologous2008
@fisherCorrelationRelativesSupposition1918
@fisherTheoryLinkagePolysomic1947
@fishmanNovelMeioticDrive2005
@fradgleyLargescalePedigreeResource2019
@francisVerticalStratificationFruit1994
@franksNotEverythingThat2006
@freemanMultivariateStudyFamily1981
@fukushimaGenomePitcherPlant2017
@fukushimaGenomePitcherPlant2017a
@fukushimaOrientedCellDivision2015
@fussDidLifeOriginate2009
@fyfeProcedureComputerSimulation1974
@gadishDifferentialZygoticAbortion1987
@galanieCompleteBiosynthesisOpioids2015
@galanieCompleteBiosynthesisOpioids2015a
@galeGenesControllingChiasma1970
@gaoAtMYB12GeneNovel2011
@gaoAtMYB12GeneNovel2011a
@garAutotetraploidLinkageMap2011
@gardinerAnalysisRecombinationLandscape2019
@gardinerHiddenVariationPolyploid2018
@gardinerIntegratingGenomicResources2019
@gardinerNewTechnologiesHigh
@gardnerHighlyRecombinedHigh2016
@garstangLongdistanceLowfrequencyElephant2004
@garstangLongdistanceLowfrequencyElephant2004a
@gastonEcologicalImpactsNighttime2013
@gastonEcologicalImpactsNighttime2013a
@gaumeHowPlantWaxes2004
@gemmillHostImmuneStatus2016
@gemmillHostImmuneStatus2016a
@gemmillOptimalTimingFirst1999
@gemmillOptimalTimingFirst1999a
@GeneAnnotationIwgsc
@GeneticLinkageMapping
@gennerIndirectMateChoice2008
@gibsonCreationBacterialCell2010
@gibsonEFFECTPROLONGEDEXPOSURE1956
@giladLossOlfactoryReceptor2004
@gilchristTILLINGPloughNew2005
@gillIdentificationHighDensityMapping1996
@gillStandardKaryotypeNomenclature1991
@ginglSensoryRepresentationTemperature2005
@girautGenomeWideCrossoverDistribution2011
@girouxWheatGrainHardness1998
@giuggioliAnimalInteractionsEmergence2011
@gleminPervasiveHybridizationsHistory2019
@GlobalFoodSecurity
@GlobalFoodSecuritya
@gloverHomoeologsWhatAre2016
@gloverHomoeologsWhatAre2016a
@goerlitzAerialhawkingBatUses2010
@goerlitzAerialhawkingBatUses2010a
@goffDraftSequenceRice2002
@goffDraftSequenceRice2002a
@goulsonBeeDeclinesDriven2015
@goulsonBeeDeclinesDriven2015a
@grachevaGanglionspecificSplicingTRPV12013
@grachevaMolecularBasisInfrared2010
@grahamEcologicalRulesGoverning2008
@grahamMalariafilariaCoinfectionMice2005
@grandkeBioinformaticAspectsBreeding2016
@grandkePERGOLAFastDeterministic2017
@grandkePERGOLAFastDeterministic2017a
@grantAllUseSubject2014
@grantCulturalInheritanceSong1996
@grantDarwinStudy2010
@grantEvolutionCharacterDisplacement2006
@grantEvolutionDarwinFinches1993
@grantPredictingMicroevolutionaryResponses1995
@GrantWritingSkills
@greberTitaniumIsotopicEvidence2017
@greenInfectionHorseChestnut2009
@greenInfectionHorseChestnut2009a
@greerPh1LocusSuppresses2012
@greerPh1LocusSuppresses2012a
@greerPh1LocusSuppresses2012b
@greggersReceptionLearningElectric2013
@gregoryElectroreceptorsPlatypus1987
@grewalCharacterisationThinopyrumBessarabicum2018
@grewalDetectionUrartuIntrogressions2018
@griffithsChemicalInterventionPlant2016
@griffithsChemicalInterventionPlant2016a
@griffithsMolecularCharacterizationPh12006
@group1984NaturePublishing1984
@GuideQTLMappinga
@guinneeHostImmuneStatus2003
@guinneeHostImmuneStatus2003a
@guptaMolecularMarkersTheir1999
@guptaSpotBlotchDisease
@gutierrezIdentificationRiceStripe2010
@guWingStridulationJurassic2012
@guWingStridulationJurassic2012a
@hackettEffectsGenotypingErrors2003
@hackettEffectsGenotypingErrors2003a
@hackettEffectsGenotypingErrors2003b
@hackettEffectsGenotypingErrors2003c
@hackettLinkageAnalysisQTL2013
@haffnerImpactArtificialIllumination2011
@haffnerImpactArtificialIllumination2011a
@halanychMiscuesMisplaceSponges2016
@haldaneCombinationLinkageValues1919
@hallerSLiMForwardGenetic2019
@hamiltonExtraordinarySexRatios1967
@hamiltonGeometrySelfishHerd1971
@handelsmanMoreWomenScience2005
@handelsmanMoreWomenScience2005a
@harlanComparativeEvolutionCereals1973
@harlanComparativeEvolutionCereals1973a
@hartAvianVisualPigments2007
@hartAvianVisualPigments2007a
@harveyControlMorphDevelopment2000
@harveyControlMorphDevelopment2000a
@harveySexDeterminationParasitic2001
@harveySexDeterminationParasitic2001a
@hatanoProteomicAnalysisSecreted2012
@haudryGrindingWheatMassive2007
@haudryGrindingWheatMassive2007a
@hauserFacultyLanguageWhat2002
@heatherSequenceSequencersHistory2016
@heExomeSequencingHighlights2019
@heGenomicFeaturesShaping2017
@heGenotypingbysequencingGBSUltimate2014
@helentjarisRestrictionFragmentPolymorphisms1985
@hellstenFinescaleVariationMeiotic2013
@hendersonControlMeioticRecombination2012
@hendersonControlMeioticRecombination2012a
@henrichFiveMisunderstandingsCultural2008
@henryHenryPlantGenotyping2001
@henryNuclearGametophyticGenes1993
@henryPlantGenotypingII2008
@herbenPolyploidSpeciesRely2017
@herbReversibleSwitchingEpigenetic2012
@herklotzMultipleAsymmetricalOrigin2017
@heuserEvidenceRecyclingSynaptic1973
@hibberdUsingC4Photosynthesis2008
@hibberdUsingC4Photosynthesis2008a
@higginsAnalyzingMeiosisBarley2013
@higginsArabidopsisMutSHomolog2004
@higginsArabidopsisMutSHomolog2004a
@higginsFactorsUnderlyingRestricted2014
@higginsFactorsUnderlyingRestricted2014a
@higginsSpatiotemporalAsymmetryMeiotic2012
@higginsSpatiotemporalAsymmetryMeiotic2012a
@higginsSpatiotemporalAsymmetryMeiotic2012b
@higgsRNAWorldMolecular2014
@hodgkinMeasurementCurrentvoltageRelations1951
@hoDirectionalityPressuredifferenceReceiver2006
@hoDirectionalityPressuredifferenceReceiver2006a
@hollisClassicalConditioningProvides1997
@hollisPavlovianConditioningAggressive1995
@hoMolecularclockMethodsEstimating2014
@horvathUnexpectedAdvantageWhiteness2010
@horvathUnexpectedAdvantageWhiteness2010a
@hovmollerReplacementEuropeanWheat2016
@hovmollerReplacementEuropeanWheat2016a
@huangMAGICPopulationsCrops2015
@huangMAGICPopulationsCrops2015a
@huberActivatedAceticAcid1997
@hudspethMechanicalAmplificationStimuli
@hudspethMechanicalAmplificationStimulia
@hudspethMinireview1997
@hudspethMinireview1997a
@huffordGenomicSignatureCropWild2013
@humbertoNextGenerationGenomics
@huntIVAAccurateNovo2015
@Motivation: An accurate genome assembly from short read sequencing data is critical for downstream analysis, for example allowing investigation of variants within a sequenced population. However, assembling sequencing data from virus samples, especially RNA viruses, into a genome sequence is challenging due to the combination of viral population diversity and extremely uneven read depth caused by amplification bias in the inevitable reverse transcription and polymerase chain reaction amplification process of current methods., Results: We developed a new de novo assembler called IVA (Iterative Virus Assembler) designed specifically for read pairs sequenced at highly variable depth from RNA virus samples. We tested IVA on datasets from 140 sequenced samples from human immunodeficiency virus-1 or influenza-virus-infected people and demonstrated that IVA outperforms all other virus de novo assemblers., Availability and implementation: The software runs under Linux, has the GPLv3 licence and is freely available from http://sanger-pathogens.github.io/iva, Contact: iva@sanger.ac.uk, Supplementary information: Supplementary data are available at Bioinformatics online.}
@hydeRoleGlycosyltransferase61
@informationusBLASTCommandLine2008
@initiativeAnalysisGenomeSequence2000
@isidroTrainingSetOptimization2015
@isidroTrainingSetOptimization2015a
@Italicetalshorttitlepub
@iwgscChromosomebasedDraftSequence2014
@iwgscChromosomebasedDraftSequence2014a
@jacobsEmergenceNovelColor2007
@jacobsEmergenceNovelColor2007a
@jacobsEvolutionColourVision2009
@jacobsEvolutionColourVision2009a
@jacobsPhotopigmentsColourVision2001
@jacobsPhotopigmentsColourVision2001a
@jainEffectHighTemperature1957
@jainHorizontalGeneTransfer1999
@jainVitroHaploidProduction1996
@jainVitroHaploidProduction1996a
@jainVitroHaploidProduction1996b
@jainVitroHaploidProduction1997
@jainVitroHaploidProduction1997a
@jaksikMicroarrayExperimentsFactors2015
@jaradatWheatLandracesGenetic2012
@jarvisGenomeChenopodiumQuinoa2017
@jensenEffectTemperatureGenetic1981
@jensenOrthologsParalogsWe2001
@jiGeneticTransformationMajor2013
@jiGeneticTransformationMajor2013a
@johnsen2000.pdfNeurobiologyMagnetoreceptionVertebrae2000
@johnsen2000.pdfNeurobiologyMagnetoreceptionVertebrae2000a
@johnsonHybridIncompatibilityGenes2010
@jordanGeneticArchitectureGenomewide2018
@jungDrivingFactorsEvolution2014
@jungEcholocationCallsCentral2007
@jurgensCarnivorousPlantsUse2009
@kalkoNeotropicalBatsCanopy2001
@kammingaLifeSpaceHistory1982
@karlinAlloallotriploidSphagnumFalcatulum2017
@kastingEarthEarlyAtmosphere1993
@katohMAFFTMultipleSequence2013
@katoStageDependencyHightemperature1982
@katzStudyDesensitizationProduced1957
@kaunNaturalVariationDrosophila2007
@kaunNaturalVariationFood2007
@kebromInhibitionTillerBud2012
@kebromInhibitionTillerBud2012a
@keightleyInferringProbabilityDerived2018
@KeithBbsrcMeiotic
@KeithBbsrcMeiotic2017
@kelliherMATRILINEALSpermspecificPhospholipase2017
@kelliherMATRILINEALSpermspecificPhospholipase2017a
@KeplerSecndLaw
@kiharaConjugationHomologousChromosomes1929
@kimChromosomeAxisControls2014
@kimChromosomeAxisControls2014a
@kimPolymeraseRecognitionWatsonCricklike2013
@kimuraEvolutionaryRateMolecular1968
@kingIntrogressionAegilopsSpeltoides2018
@kingStepChangeTransfer2017
@kingStepChangeTransfer2017a
@kirbyCumulativeCulturalEvolution2008
@kirbyEarDevelopmentSpring1974
@kirbyEarDevelopmentSpring1974a
@kirschvinkMeasurementThresholdSensitivity1997
@kirschvinkMeasurementThresholdSensitivity1997a
@kislevEmergenceWheatAgriculture1984
@klecknerChiasmaFormationChromatin2006
@klecknerChiasmaFormationChromatin2006a
@kluenderJapaneseQuailCan2016
@kluenderRoleExperienceLanguagespecific1998
@kobayashiInnovativenessPopulationSize2012
@kochLindenTreesKill2017
@kohCurrentTechnologiesPlant2015
@komatsudaSixrowedBarleyOriginated2007
@komatsudaSixrowedBarleyOriginated2007a
@kopelmanClumpakProgramIdentifying2015
@koressaarEnhancementsModificationsPrimer2007
@korfBLAST2003
@kozielskaSegregationDistortionEvolution2010
@krasilevaGeneticsHardyCrop2017
@krasilevaUncoveringHiddenVariation2017
@krasilevaUncoveringHiddenVariation2017a
@krollModelingBackgroundIntensity2008
@kruglyakUseGeneticMap1997
@kucharskiNutritionalControlReproductive2008
@kucharskiNutritionalControlReproductive2008a
@kuhlSpeechPerceptionChinchilla2016
@kumarIdentificationCharacterizationSegregation2007
@kumarIdentificationCharacterizationSegregation2007a
@kumarIdentificationCharacterizationSegregation2007b
@kumarIdentificationCharacterizationSegregation2007c
@kumarPredictingEffectsCoding2009
@kunzEcosystemServicesProvided2011
@kunzelCytologicallyIntegratedPhysical2000
@kunzelCytologicallyIntegratedPhysical2000a
@labhartDetectorsPolarizedSkylight1999
@labhartDetectorsPolarizedSkylight1999a
@laframboiseSingleNucleotidePolymorphism2009
@laframboiseSingleNucleotidePolymorphism2009a
@laikaitaoIdentificationCharacterizationMore2014
@lambingUnderstandingManipulatingMeiotic2017
@lambingUnderstandingManipulatingMeiotic2017a
@landerConstructionMultilocusGenetic1987
@landjevaMolecularMarkersActual2007
@landreinUntanglingReticulateHistory2017
@lane-serffEvolutionaryDiversificationTrypanosome2016
@laneHowDidLUCA2010
@laneLifeAscendingTen2009
@larracuenteSelfishSegregationDistorter2012
@lauckhartWildlifePopulationFundamentals1962
@leacheShortTreeLong2015
@LeastSqIntrpol
@leePredictingProteinFunction2007
@leeSNPhyloPipelineConstruct2014
@lelloCompetitionMutualismGut2004
@lenormandRecombinationDifferenceSexes2005
@lenormandRecombinationDifferenceSexes2005a
@lePhylogeneticMixtureModels2008
@lev-yadunCradleAgriculture2000
@levsenAnisakisSimplexGrey2014
@lewisFitnessConsequencesDifferences1995
@lewisSourcesIntraspecificVariation1990
@li1SSRMappingLocus2012
@li1SSRMappingLocus2012a
@liakosMachineLearningAgriculture2018
@liAnalysisRecombinationQTLs2016
@liConstructionHighdensityComposite2010
@liDevelopmentIntegrated200K
@lieberman-aidenComprehensiveMappingLongRange2009
@liharskaTomatoChromosomeEffect1996
@liHighDensitySNPSSR2015
@liHighDensitySNPSSR2015a
@liliangliangImpactSequenceDivergence2006
@liliangliangNovelReporterIntrachromosomal2004
@lilienfeldKiharaGenomeAnalysisTriticum1951
@liModelingLinkageDisequilibrium2003
@lindholmEcologyEvolutionaryDynamics2016
@lingGenomeSequenceProgenitor2018
@linTemperatureChiasmaFormation1982
@liOrthoMCLIdentificationOrtholog2003
@liuChromosomespecificSequencingReveals2016
@liuHighdensityGeneticMap2016
@liuProgressSegregationDistortion2010
@liuWaterdeficitStressresponsiveMicroRNAs2017
@liuWheatBreedingHometown2018
@liuWheatBreedingHometown2018a
@livakAnalysisRelativeGene2001
@liWheatCentromericRetrotransposons2013
@lloydPlasticityMeioticRecombination2018
@lloydPlasticityMeioticRecombination2018a
@loegeringDistortedInheritanceStemRust1963
@loidlEffectsElevatedTemperature1989
@lorenzenSpeciesspecificResponsesLate2011
@lorenzPolymeraseChainReaction2012
@lorieuxMaximumlikelihoodModelsMapping1995
@lorieuxMaximumlikelihoodModelsMapping1995a
@luChromosomalRegionsAssociated2002
@luChromosomalRegionsAssociated2002a
@luChromosomalRegionsAssociated2002b
@lukaszewskiInversionsChromosomeArms2012
@lukaszewskiPhysicalDistributionRecombination1993
@lukaszewskiPhysicalDistributionRecombination1993a
@lukaszewskiUnexpectedBehaviorInverted2008
@luoGenomeSequenceProgenitor2017
@lutzActivitydependentGeneExpression2013
@luuPcadaptPackagePerform2017
@lyonEggRecognitionCounting2003
@lyttleCheatersSometimesProsper1993
@lyttleSegregationDistorters1991
@maartenWorldWheatBook2011
@mackieCentralNeuralCircuitry2004
@mamanovaTargetenrichmentStrategiesNextgeneration2010
@mamanovaTargetenrichmentStrategiesNextgeneration2010a
@mancusoGeneTherapyRedgreen2009
@mancusoGeneTherapyRedgreen2009a
@mancusoGeneTherapyRedgreen2009b
@mancusoGeneTherapyRedgreen2009c
@manninenAssociationsAnthercultureResponse2000
@manrique-carpinteroComparativeAnalysisRegions2016
@maplesonKATKmerAnalysis2017
@Motivation: De novo assembly of whole genome shotgun (WGS) next-generation sequencing (NGS) data benefits from high-quality input with high coverage. However, in practice, determining the quality and quantity of useful reads quickly and in a reference-free manner is not trivial. Gaining a better understanding of the WGS data, and how that data is utilized by assemblers, provides useful insights that can inform the assembly process and result in better assemblies.Results: We present the K-mer Analysis Toolkit (KAT): a multi-purpose software toolkit for reference-free quality control (QC) of WGS reads and de novo genome assemblies, primarily via their k-mer frequencies and GC composition. KAT enables users to assess levels of errors, bias and contamination at various stages of the assembly process. In this paper we highlight KAT's ability to provide valuable insights into assembly composition and quality of genome assemblies through pairwise comparison of k-mers present in both input reads and the assemblies.Availability and Implementation: KAT is available under the GPLv3 license at: https://github.com/TGAC/KAT.Contact:bernardo.clavijo@earlham.ac.ukSupplementary information:Supplementary data are available at Bioinformatics online.}
@marcussenAncientHybridizationsAncestral2014
@marcussenAncientHybridizationsAncestral2014a
@margolinBacteriaCauseDisease2016
@marguliesGenomeSequencingMicrofabricated2005
@MarkerAssistedWheat
@marlerBirdCallsJust1992
@marlerThreeModelsSong1997
@maroneHighdensityConsensusMap2012
@marstonMeiosisCellcycleControls2004
@marstonMeiosisCellcycleControls2004a
@martinEvaluatingUseABBA2015
@martinHydrothermalVentsOrigin2008
@martinOriginsCellsHypothesis2003
@maryGlobalGenderDisparities2013
@maryGlobalGenderDisparities2013a
@mascherChromosomeConformationCapture2017
@maschermartinAnchoringOrderingNGS2013
@masonHyperacuteDirectionalHearing2001
@masonHyperacuteDirectionalHearing2001a
@mateoKinrecognitionAbilitiesNepotism2002
@mathgerCephalopodsCommunicateUsing2009
@mathgerCephalopodsCommunicateUsing2009a
@MatricesAlgebraPdf
@matsuokaEvolutionPolyploidTriticum2011
@maurerPopulationGeneticSimulation2008
@maUsingUKReference2015
@maUsingUKReference2015a
@mayerUnlockingBarleyGenome2011
@mcfaddenGenomeApproachRadical1947
@mclarenEnsemblVariantEffect2016
@mclarenEnsemblVariantEffect2016a
@mcnallyGenomewideSNPVariation2009
@mekonnenReport48WaterFootprintAnimalProductsVol1Pdf2010
@mendelExperimentsPlantHybridization
@mengQTLIciMappingIntegrated2015
@mengQTLIciMappingIntegrated2015a
@menonRhodopsinStructuralBasis2001
@menonRhodopsinStructuralBasis2001a
@menziVisualAdaptationNocturnal1987
@menziVisualAdaptationNocturnal1987a
@mesoudiUsingMethodsExperimental2007
@mesoudiVariableCulturalAcquisition2011
@mesterConstructingLargescaleGenetic2003
@mesterFastAccurateConstruction2015
@methodsSupportingInformation2014
@metzkerSequencingTechnologiesNext2010
@mhatreActiveAmplificationInsect2014
@mhatreActiveAmplificationInsect2014a
@middletonSequencingChloroplastGenomes2014
@millerEffectIncreasedDosage1985
@millerProductionAminoAcids1953
@milman-hurstMindGenderGap2011
@milman-hurstMindGenderGap2011a
@mithoferCarnivorousPitcherPlants2011
@mochidaGenomicsBioinformaticsResources2010
@mochidaGenomicsBioinformaticsResources2010a
@mombaertsGenesLigandsOdorant2004
@monnardEutecticPhasePolymerization2003
@montealegre-zGenerationExtremeUltrasonics2006
@montealegre-zGenerationExtremeUltrasonics2006a
@montealegre-zSupplementaryMaterialsConvergent2012
@montealegre-zSupplementaryMaterialsConvergent2012a
@montenegroPangenomeHexaploidBread2017
@mooreStrategicPrebreedingWheat2015
@moralMineralNutritionCarnivorous1997
@moranCarnivorousSyndromeNepenthes2010
@moranIonFluxesPitcher2010
@moranPitcherDimorphismPrey1996
@moranUseLightPrey2012
@morganAreEffectsElevated2017
@morozCtenophoreGenomeEvolutionary2014
@muheimCalibrationMagneticCelestial2006
@muheimCalibrationMagneticCelestial2006a
@mullerShotDarkSilent2001
@mullerShotDarkSilent2001a
@mullisUnusualOriginPolymerase1990
@munzbergovaColchicineApplicationSignificantly2017
@muramotoArabidopsisPhotomorphogenicMutant1999
@nadolska-orczykMajorGenesDetermining2017
@nagyRecombinationSuppressedAlien2010
@nakagawaFarewellBonferroniProblems2004
@narasingaraoNovoMetagenomicAssembly2012
@nealeClarifyingMechanicsDNA2006
@nedelcuEvolutionaryOriginAltruistic2006
@neefMagneticAlignmentGrazing2008
@neefMagneticAlignmentGrazing2008a
@nesbittWheatEvolutionIntegrating2001
@neugebauerKeepingTabsWomen2006
@neugebauerKeepingTabsWomen2006a
@neuGeneticMappingLr202002
@ngPredictingDeleteriousAmino2001
@nguyenIQTREEFastEffective2015
@nielsenEngineeringCellularMetabolism2016
@nielsenEngineeringCellularMetabolism2016a
@nielsenSNPCallingGenotype2012
@nielsenSNPCallingGenotype2012a
@niuInactivationPorcineEndogenous2017
@NucleicAcidsResearch
@nutmanRapidEmergenceLife2016
@obristFlexibleBatEcholocation1995
@odegaardHowManySpecies2000
@odegaardHowManySpecies2000a
@odonnellTestNeuroecologicalPredictions2014
@ohlendorf198NaturePublishing1988
@olohanModifiedSequenceCapture2018
@oparinOriginLife1961
@OptimalTerritorySize2009
@oraguzieAssociationMappingPlants2007
@orgelOriginLifeaReview1998
@oroSynthesisAdenineAmmonium1960
@orrDobzhanskyBatesonGenetics1996
@osborneOntogenyBumblebeeFlight2013
@osmanPathwaysMeioticRecombination2011
@osmanPathwaysMeioticRecombination2011a
@paigenMammalianRecombinationHot2010
@paisAssessingEfficiencyMultiple2014
@pallottaMarkerAssistedWheat2003
@parkerAccessUpperForest1992
@parkerAccessUpperForest1992a
@parkinsonExpressedSequenceTags2009
@parksMutantsArabidopsisAre1991
@pasamDetectionValidationGenomic2017
@patersonHostImmuneResponses2002
@patersonHostImmuneResponses2002a
@patersonMajorHistocompatibilityComplex1998
@patersonMajorHistocompatibilityComplex1998a
@pauleEcologicalRangeShift2017
@pauxPhysicalMap1Gigabase2008
@pauxSequencebasedMarkerDevelopment2012
@PDFRoleBasics
@pearceMolecularCharacterizationRht12011
@pelegGeneticAnalysisWheat2011
@pelegHighdensityGeneticMap2008
@pengExperimentalInfectionsPigs2006
@pengExperimentalInfectionsPigs2006a
@pengGeneticVariationSympatric1998
@pengGeneticVariationSympatric1998a
@pengMolecularGeneticMaps2000
@Pepperberg1994
@petersenCa2SignallingPancreatitis2006
@petersenPhylogeneticRelationshipsTriticum2006
@petroutsosBluelightPhotoreceptorMediates2016
@petroutsosBluelightPhotoreceptorMediates2016a
@pettigrewElectroreceptionMonotremes1999
@phadnisSingleGeneCauses2009
@phamIsozymeMarkersRice1990
@philippePhylogenomicsEukaryotesImpact2004
@phillipsEffectTemperatureMale2015
@phillipsEffectTemperatureMale2015a
@phillipsQuantitativeHighResolution2013
@phillipsQuantitativeHighResolution2013a
@phillipsQuantitativeHighResolution2013b
@piastMolecularEvolutionEnolase2005
@piastMolecularEvolutionEnolase2005a
@pickImprovedPhylogenomicTaxon2010
@pietrewiczSearchImageFormation1979
@pinskerLongTermHabituationDefensive2016
@pisaniGenomicDataNot2015
@pisaniReplyHalanychCtenophore2016
@plainisSmallApertureMonovisionPulfrich2013
@plainisSmallApertureMonovisionPulfrich2013a
@PlantGenotyping
@plessmanReferencesNotes2005
@ploughEffectTemperatureCrossingover1917
@pontTracingAncestryModern2019
@porras-hurtadoOverviewSTRUCTUREApplications2013
@posadaEvaluationMethodsDetecting2001
@potterAbundanceMortalitySpecialist1992
@potterAbundanceMortalitySpecialist1992a
@pottsQuantifyingBehavioralChanges2013
@powellInfluenceTemperatureCrossing1963
@premackPremackWoodruffChimpanzee1978
@primavesiVisualisationPlastidDegradation2017
@pritchardInferencePopulationStructure2000
@ProductionAminoAcids2009
@przewieslik-allenDevelopingHighThroughputSNPBased2019
@puranikNACProteinsRegulation2012
@qiChromosomeBinMap2004
@qiCompactBrachypodiumGenome2010
@qiCompactBrachypodiumGenome2010a
@quellerRelatednessFraternalMajor2000
@rabinerTutorialHiddenMarkov1989
@radman-livajaNucleosomePositioningHow2010
@radman-livajaNucleosomePositioningHow2010a
@raineriEnergyIntegrationSouth
@raissigMobileMUTESpecifies2017
@rajikumaraLodgingCerealsReview2008
@ramirez-gonzalezPolyMarkerFastPolyploid2015
@ranganBacterialSecretedPeptidoglycan2016
@raquinExperimentalEstimationMutation2008
@rasheedGoatGrassGenome2018
@rasheedGoatGrassGenome2018a
@ratsirarsonStructureDynamicsNepenthes1996
@rdevelopmentcoreteamLanguageEnvironmentStatistical2011
@readerExperimentalIdentificationSocial2010
@reedMutationsGeneRed1993
@reedPhytochromePhytochromeHave1994
@rehmsmeierComputationalApproachDeveloping2013
@reifWheatGeneticDiversity2005
@reumersOptimizedFilteringReduces2012
@reumersOptimizedFilteringReduces2012a
@rexVerticalStratificationNeotropical2011
@reyDetectionAlienGenetic2017
@reyMagnesiumIncreasesHomoeologous2018
@rheinlaenderDirectionalHearingGreen1981
@rheinlaenderDirectionalHearingGreen1981a
@richardsonTeachingEvaluationAnts2007
@rickDifferentialZygoticLethality1963
@rimbertHighThroughputSNP2018
@rimbertHighThroughputSNP2018a
@rimbertHighThroughputSNP2018b
@rippetoeStartingStrengthBasic2011
@robertInnovativeBiomechanicsDirectional2001
@robertInnovativeBiomechanicsDirectional2001a
@robertNovelSchemesHearing2002
@robertNovelSchemesHearing2002a
@robertsHowDoesNervous1990
@robinsonGenesSocialBehavior2008
@robinsonGenesSocialBehavior2008a
@robinsonSociogenomicsSocialLife2005
@rodgers-melnickRecombinationDiverseMaize2015
@rodriguez-trellesErraticOverdispersionThree2001
@roninBuildingUltraHighDensityLinkage2017
@roorkiwalDevelopmentEvaluationHighdensity2018
@rosasGrowthPatternNeandertals2017
@russellProgressPlantBreeding1985
@ryanGenomeCtenophoreMnemiopsis2013
@rychlikOptimizationAnnealingTemperature
@rynerControlMaleSexual1996
@saferInfraredImagingVipers2004
@sahaChromosomeSubstitutionLines2012
@saintenacDetailedRecombinationStudies2009
@saitouNeighborjoiningMethodNew1987
@sakanariAnisakiasis1989
@salaminiGeneticsGeographyWild2002
@salaminiGeneticsGeographyWild2002a
@salseNewInsightsOrigin2008
@sanchezroberta.ferrisjamesp.orgelStudiesPrebioticSynthesis1967
@sandhuGeneContainingRegionsWheat2002
@sandhuStructuralFunctionalOrganization2002
@sandlerMeioticDriveEvolutionary1957
@sandlerMeioticDriveNatural1959
@sandlerMeioticDriveNatural1959a
@sandsDirective2001182006
@sanoGenicNatureGamete1990
@sarhanovaHybridizationDrivesEvolution2017
@sarnoProgrammingSitesMeiotic2017
@Satterlie1985Pdf
@sayedSegregationDistortionDoubled2002
@scaglioneGenomeSequenceOutbreeding2016
@schmitzNewTypeInsect2002
@schmitzPhotomechanicInfraredReceptor1998
@schoepp-cothenetCommentBacteriumThat2011
@schopfLaserRamanImagery2002
@schopfMicrofossilsWarrawoonaGroup1987
@schusterNewsViews2009
@schwenderScrimeAnalysisHighDimensional2018
@searsAneuploidsCommonWheat1954
@searsAneuploidsCommonWheat1954a
@searsTransferLeafrustResistance1956
@searsTransferLeafrustResistance1956a
@searsTransferLeafrustResistance1956b
@seedIntelligenceCorvidsApes2009
@seeGeneEvolutionEnds2006
@semagnSingleNucleotidePolymorphism2014
@seoLAF1UbiquitinationCOP12003
@serranoMacrobenthicCrustaceansDiet2003
@seyfarthAssessmentVevertMonkeys1990
@seyfarthSemanticCommunication2015
@seymourGeneticArchitectureRecurrent2017
@shariatpanahiEfficientEmbryogenesisRegeneration2006
@shariatpanahiEfficientEmbryogenesisRegeneration2006a
@sharmanBranchedHeadsWheat1944
@sharmanBranchedHeadsWheat1944a
@sheGenBlastGUsingBLAST2011
@shendureDNASequencing402017
@shendureNextgenerationDNASequencing2008
@shettleworthCleverAnimalsKilljoy2010
@shewryWheat2009
@shihabhashema.PredictingFunctionalMolecular2012
@shrawatAgrobacteriummediatedTransformationCereals2006
@shrawatAgrobacteriummediatedTransformationCereals2006a
@sidhuDistributionGenesRecombination2005
@sillarNeuronalMechanismSensory
@silverPeculiarJourneySelfish1993
@simmonsAcousticImagingBat1980
@simonFloralAcousticsConspicuous2011
@simonFloralAcousticsConspicuous2011a
@simonSizeDiscriminationHollow2006
@simonSizeDiscriminationHollow2006a
@simonsMolecularCharacterizationMajor2006
@sinervoRockPaperScissors1996
@singhInsightsLr28Mediated2017
@singhIntegratedMolecularLinkage2007
@slaterAutomatedGenerationHeuristics2005
@slaterAutomatedGenerationHeuristics2005a
@smithAnisakisSimplexRudolphi1983
@smithSedimentaryDNASubmerged2015
@snoutECHIDNAGREGORYIGGO1989
@soaresCorrectingPurifyingSelection2009
@societyDownloadedHttpRspb
@societyDownloadedHttpRspba
@societyImpactRoadAdjacent2008
@societyImpactRoadAdjacent2008a
@solBigbrainedBirdsSurvive2007
@solBrainSizeInnovative2005
@solBrainSizePredicts2008
@solEvolutionaryDivergenceBrain2010
@somersHighdensityMicrosatelliteConsensus2004
@somersHighdensityMicrosatelliteConsensus2004a
@somersMiningSinglenucleotidePolymorphisms2003
@songOreBodyTemperature2016
@soodMajorThreshabilityGenes2009
@sorensonSexualImprintingMisguides2010
@sousa-figueiredoTreatmentSchistosomiasisAfrican2012
@spillmannHermannGridIllusion1994
@spillmannHermannGridIllusion1994a
@staufferHumanApeMolecular2001
@stearCurvilinearRelationshipWorm1999
@stearCurvilinearRelationshipWorm1999a
@stearKeyComponentsResistance1996
@stearKeyComponentsResistance1996a
@stearVariationFaecalEgg2006
@stearVariationFaecalEgg2006a
@stetterHyperthermophilesHistoryLife1996
@stirlingSelectionStructureHeritability2002
@storeyStatisticalSignificanceGenomewide2003
@struhlDeterminantsNucleosomePositioning2013
@struhlDeterminantsNucleosomePositioning2013a
@sturtevantLinearArrangementSix1913
@stutteMicrogravityEffectsLeaf2006
@stutteMicrogravityEffectsThylakoid2005
@sunRoleBasicsComputer2011
@suttonMechanosensoryHairsBumblebees2016
@sweeneyPolarizedLightButterfly2002
@sweeneyPolarizedLightButterfly2002a
@sweeneyPolarizedLightButterfly2002b
@szathmaryMajorEvolutionaryTransitions1995
@taiLinkageAnalysisAntherderived2000
@takumiSegregationDistortionCaused2013
@takunoPowerQTLMapping2012
@TangentApproxPdf
@tanksleyHighDensityMolecular1992
@tarvinInteractingAminoAcid2017
@taylorCommonFeaturesSegregation2003
@taylorCommonFeaturesSegregation2003a
@taylorCommonFeaturesSegregation2003b
@taylorDownloadedHttpRspb1978
@taylorDownloadedHttpRspb1978a
@taylorPackageASMapEfficient2017
@TeachingTandemrunningAnts2006
@tealeAuxinActionSignalling2006
@tebbichWoodpeckerFinchesAcquire2001
@tenaillonPatternsDNASequence2001
@tennieRatchetingRatchetEvolution2009
@testerBreedingTechnologiesIncrease2010
@theinternationalwheatgenomesequencingconsortiumiwgscShiftingLimitsWheat2018
@theroyalsocietylondonReapingBenefitsScience2009
@theroyalsocietylondonReapingBenefitsScience2009a
@thisIrrationalityMateChoice
@thisIrrationalityMateChoicea
@thompsonInheritanceGeneticMarkers1991
@thomsonHighThroughputSNPGenotyping2014
@thorntonMultigenerationalPersistenceTraditions2010
@thorntonTeachingWildMeerkats2014
@tinbergenAimsMethodsEthology2005
@tinbergenEggShellRemoval1962
@tinkerGREGORSoftwareGenetic1993
@tomaselloCulturalLearning1993
@torpChromosomalRegionsAssociated2001
@tothGeneticGenomicAnalyses2008
@tothGeneticGenomicAnalyses2008a
@treangenRepetitiveDNANextgeneration2012
@TreeholeFrogsExploit2002
@TreeholeFrogsExploit2002a
@treismanFeatureIntegrationTheoryAttention1980
@tripathiSiliconNanoparticlesMore2017
@tschinkelSexPheromoneMealworm1967
@tshikundeAgronomicPhysiologicalTraits2019
@turelliHeritableGeneticVariation1984
@uauyCombiningTraditionalMutagenesis2017
@uauyWheatGenomicsComes2017
@uhrinovaOriginGeneticDifferentiation2017
@uncklessSexratioMeioticDrive2014
@unrauRNAcatalysedNucleotideSynthesis1998
@untergasserPrimer3NewCapabilities2012
@usdaWorldAgriculturalProduction2019
@vanbanningNotesSuccessfulRearing1971
@vanbergenNinespinedSticklebacksExploit2004
@vandepeerEvolutionarySignificanceAncient2009
@vaserSIFTMissensePredictions2016
@vasilHerbicideResistantFertile1992
@vasilHerbicideResistantFertile1992a
@vergozAversiveLearningHoneybees2007
@vicientImpactTransposableElements2017
@vignalSocialContextModulates2005
@vignalSocialContextModulates2005a
@vineyReversibilityConstraintsSize2006
@vineyReversibilityConstraintsSize2006a
@voglMultipointMappingViability2000
@vonderemdeDistanceShapeMore2007
@voorripsSimulationMeiosisDiploid2012
@vranaFlowSortingMitotic2000
@waceyMicrofossilsSulphurmetabolizingCells2011
@wachtershauserGroundworksEvolutionaryBiochemistry1992
@wachtershauserLifeWeDon2000
@wadaTheoreticalAnalysesChiasmata
@wadePopulationalHeritabilityEmpirical1998
@wadhamsMakingSenseIt2004
@wakeHowHostsControl
@wakeHowHostsControla
@walkerMagneticSenseIts2002
@walkerMagneticSenseIts2002a
@walkerStructureFunctionVertebrate1997
@walkerStructureFunctionVertebrate1997a
@walkowiakMultipleWheatGenomes2020
@waltherVerticalStratificationUse2002
@wangBranchingShootsSpikes2016
@wangBranchingShootsSpikes2016a
@wangCharacterizationPolyploidWheat2014
@wangCharacterizationPolyploidWheat2014a
@wangCharacterizationPolyploidWheat2014b
@wangCharacterizationPolyploidWheat2014c
@wangComparisonTwoBreeding2003
@wangComparisonTwoBreeding2003a
@wangHighSegregationDistortion2012
@wangRNASeqRevolutionaryTool2009
@wangSimultaneousEditingThree2014
@wangSimultaneousEditingThree2014a
@wangYlikeSocialChromosome2013
@wassersteinMovingWorld052019
@watkinsVariationGeneticsAwn1940
@watsonMolecularStructureNucleic1953
@watsonSpeedBreedingPowerful2018
@wehnerPOLARIZATIONVISIONUNIFORM2001
@wehnerPOLARIZATIONVISIONUNIFORM2001a
@wehnerPOLARIZATIONVISIONUNIFORM2001b
@weigtSolidstemmedSpringWheat2016
@weigtSolidstemmedSpringWheat2016a
@weinstockInsightsSocialInsects2006
@weinstockInsightsSocialInsects2006a
@westPrinciplesSocialEvolution2011
@wetherillFormationEarth1990
@whartonAnisakisNematodaNew1999
@wheat-training.comDesigningGenomeSpecific
@WheatWildRelatives
@wheelerCompleteGenomeIndividual2008
@whelanErrorSignalPlacement2015
@whitneyAdvancingOurUnderstanding2011
@whitneyAllUseSubject2016
@wilkesEffectHostImmune2004
@wilkesEffectHostImmune2004a
@wilkinsEvolutionMeiosisMitosis2009
@wilkinsonCerealsDBExpansionResources2016
@wilkinsonCerealsDBExpansionResources2016a
@williamsDNAPolymorphismsAmplified1990
@wilsonChimpanzeesMathematicsBattle2002
@wilsonEcologicalCharacteristicsAnts1959
@windmillTimeresolvedTympanalMechanics2008
@windmillTimeresolvedTympanalMechanics2008a
@windmillTympanalTravellingWaves2005
@windmillTympanalTravellingWaves2005a
@winfieldHighDensityGenotyping2017
@winfieldHighdensitySNPGenotyping2016
@winfieldHighdensitySNPGenotyping2016a
@winfieldTargetedResequencingAllohexaploid2012
@winfieldTargetedResequencingAllohexaploid2012a
@winfieldTargetedResequencingAllohexaploid2012b
@winfieldTargetedResequencingAllohexaploid2012c
@wingenEstablishingWatkinsLandrace2014
@wingenWheatLandraceGenome2017
@wingenWheatLandraceGenome2017a
@wingenWheatLandraceGenome2017b
@wolfGenomeTreesTree2002
@wolmanNonproteinAminoAcids1972
@wongBioinspiredSelfrepairingSlippery2011
@wuEfficientAccurateConstruction2008
@wuGMAPGenomicMapping2005
@wuModelBasedBackgroundAdjustment2004
@wyttenbachSPATIALACUITYULTRASOUND2006
@wyttenbachSPATIALACUITYULTRASOUND2006a
@xian-liangSegregationDistortionIts2006
@xuChromosomalRegionsAssociated1997
@xuChromosomalRegionsAssociated1997a
@xuChromosomalRegionsAssociated1997b
@xuGametophyticZygoticSelection2013
@xuGametophyticZygoticSelection2013a
@xuGametophyticZygoticSelection2013b
@xuGeneticMappingQuantitative2017
@xuPrinciplesStatisticalGenomics2013
@xuQuantitativeTraitLocus2008
@xuQuantitativeTraitLocus2008a
@xuQuantitativeTraitLocus2008b
@xuQuantitativeTraitLocus2008c
@yachdavMSAViewerInteractiveJavaScript2016
@Summary: The MSAViewer is a quick and easy visualization and analysis JavaScript component for Multiple Sequence Alignment data of any size. Core features include interactive navigation through the alignment, application of popular color schemes, sorting, selecting and filtering. The MSAViewer is `web ready': written entirely in JavaScript, compatible with modern web browsers and does not require any specialized software. The MSAViewer is part of the BioJS collection of components., Availability and Implementation: The MSAViewer is released as open source software under the Boost Software License 1.0. Documentation, source code and the viewer are available at http://msa.biojs.net/., Supplementary information: Supplementary data are available at Bioinformatics online., Contact: msa@bio.sh}
@yangKillerProtectorSystemRegulates2012
@yangMolecularEvolutionStatistical2014
@yangMolecularPhylogeneticsPrinciples2012
@yangSyntheticHexaploidWheat2009
@yangSyntheticHexaploidWheat2009a
@yanovskyPhytochromePhytochromeHY41995
@yeamanClimateDistantlyRelated2016
@yokoyamaMolecularEvolutionColor2002
@yokoyamaMolecularEvolutionColor2002a
@yokoyamaMolecularEvolutionVertebrate2000
@yokoyamaMolecularEvolutionVertebrate2000a
@yoshiokaThreeDominantAwnless2017
@youngRestrictionFragmentLength1989
@yuanCharacterizationTwoCENH32015
@yuanOverviewPopulationGenetic2012
@yuDarwinianEvolutionAlternative2012
@zamirUnequalSegregationNuclear1986
@zapataPhylogenomicAnalysesSupport2015
@zapkaVisualNotTrigeminal2009
@zapkaVisualNotTrigeminal2009a
@zederDomesticationEarlyAgriculture2008
@zederDomesticationEarlyAgriculture2008a
@zelkowskiDiversityDeterminantsMeiotic2019
@zentallPerspectivesObservationalLearning2012
@zhangEffectsMissingMarker2010
@zhanGeneralizedLinearMixed2011
@zhangSynthesizingDoubleHaploid2011
@zhangSynthesizingDoubleHaploid2011a
@zhaoGeneticMapFunctions1996
@zhaoGenomicDiversityIntrogression2010
@zhaoReceptorsMammalianSweet2003
@zhengCDKG1ProteinKinase2014
@zhuCharacterisationAscarisHuman1999
@zhuCharacterisationAscarisHuman1999a
@zicklerRecombinationPairingSynapsis2015
@ziminFirstNearcompleteAssembly2017
@zimmeringMechanismsMeioticDrive1970
@zivySegregationDistortionLinkage1992
@zongPreciseBaseEditing2017
@zotero-295
@zotero-668
@zuckerkandlEvolutionaryDivergenceConvergence1965
@zuckerkandlMoleculesDocumentsEvolutionary1965
@zupancWalterHeiligenbergJamming2006
